@inproceedings{benjelloun2007d,
  title={D-swoosh: A family of algorithms for generic, distributed entity resolution},
  author={Benjelloun, Omar and Garcia-Molina, Hector and Gong, Heng and Kawai, Hideki and Larson, Tait E and Menestrina, David and Thavisomboon, Sutthipong},
  booktitle={Distributed Computing Systems, 2007. ICDCS'07. 27th International Conference on},
  pages={37--37},
  year={2007},
  organization={IEEE}
}


@article{niu2011scaling,
  title={Scaling Inference for Markov Logic with a Task-Decomposition Approach},
  author={Niu, Feng and Zhang, Ce and R{\'e}, Christopher and Shavlik, Jude},
  journal={arXiv preprint arXiv:1108.0294},
  year={2011}
}

@article{efthymiou2017parallel,
  title={Parallel meta-blocking for scaling entity resolution over big heterogeneous data},
  author={Efthymiou, Vasilis and Papadakis, George and Papastefanatos, George and Stefanidis, Kostas and Palpanas, Themis},
  journal={Information Systems},
  volume={65},
  pages={137--157},
  year={2017},
  publisher={Elsevier}
}

@techreport{kawai2006p,
  title={P-swoosh: Parallel algorithm for generic entity resolution},
  author={Kawai, Hideki and Garcia-Molina, Hector and Benjelloun, Omar and Menestrina, David and Whang, Euijong and Gong, Heng},
  year={2006},
  institution={Stanford}
}

@inproceedings{dal2011fast,
  title={A fast approach for parallel deduplication on multicore processors},
  author={Dal Bianco, Guilherme and Galante, Renata and Heuser, Carlos A},
  booktitle={Proceedings of the 2011 ACM Symposium on Applied Computing},
  pages={1027--1032},
  year={2011},
  organization={ACM}
}

@inproceedings{malhotra2014graph,
  title={Graph-Parallel Entity Resolution using LSH \& IMM.},
  author={Malhotra, Pankaj and Agarwal, Puneet and Shroff, Gautam},
  year={2014},
  booktitle={ EDBT/ICDT Workshops},
  pages={41--49}
}

@article{kirsten2010data,
  title={Data partitioning for parallel entity matching},
  author={Kirsten, Toralf and Kolb, Lars and Hartung, Michael and Gro{\ss}, Anika and K{\"o}pcke, Hanna and Rahm, Erhard},
  journal={arXiv preprint arXiv:1006.5309},
  year={2010}
}

@article{whang2009generic,
  title={Generic entity resolution with negative rules},
  author={Whang, Steven Euijong and Benjelloun, Omar and Garcia-Molina, Hector},
  journal={The VLDB Journalâ€”The International Journal on Very Large Data Bases},
  volume={18},
  number={6},
  pages={1261--1277},
  year={2009},
  publisher={Springer-Verlag New York, Inc.}
}

@inproceedings{kim2007parallel,
  title={Parallel linkage},
  author={Kim, Hung-sik and Lee, Dongwon},
  booktitle={Proceedings of the sixteenth ACM conference on Conference on information and knowledge management},
  pages={283--292},
  year={2007},
  organization={ACM}
}

@article{rastogi2011large,
  title={Large-scale collective entity matching},
  author={Rastogi, Vibhor and Dalvi, Nilesh and Garofalakis, Minos},
  journal={Proceedings of the VLDB Endowment},
  volume={4},
  number={4},
  pages={208--218},
  year={2011},
  publisher={VLDB Endowment}
}

@article{kopcke2010frameworks,
  title={Frameworks for entity matching: A comparison},
  author={K{\"o}pcke, Hanna and Rahm, Erhard},
  journal={Data \& Knowledge Engineering},
  volume={69},
  number={2},
  pages={197--210},
  year={2010},
  publisher={Elsevier}
}

@article{bach2015hinge,
  title={Hinge-loss Markov random fields and probabilistic soft logic},
  author={Bach, Stephen H and Broecheler, Matthias and Huang, Bert and Getoor, Lise},
  journal={arXiv preprint arXiv:1505.04406},
  year={2015}
}

@PhdThesis{pujara:thesis16,
  author       = {Pujara, Jay},
  title        = {Probabilistic Models for Scalable Knowledge Graph Construction},
  school       = {University of Maryland, College Park},
  year         = {2016},
}

@article{jaro1989advances,
  title={Advances in record-linkage methodology as applied to matching the 1985 census of Tampa, Florida},
  author={Jaro, Matthew A},
  journal={Journal of the American Statistical Association},
  volume={84},
  number={406},
  pages={414--420},
  year={1989},
  publisher={Taylor \& Francis}
}

@inproceedings{mccallum2000efficient,
  title={Efficient clustering of high-dimensional data sets with application to reference matching},
  author={McCallum, Andrew and Nigam, Kamal and Ungar, Lyle H},
  booktitle={Proceedings of the sixth ACM SIGKDD international conference on Knowledge discovery and data mining},
  pages={169--178},
  year={2000},
  organization={ACM}
}

@inproceedings{bilenko2006adaptive,
  title={Adaptive blocking: Learning to scale up record linkage},
  author={Bilenko, Mikhail and Kamath, Beena and Mooney, Raymond J},
  booktitle={Data Mining, 2006. ICDM'06. Sixth International Conference on},
  pages={87--96},
  year={2006},
  organization={IEEE}
}

@article{boyd2011distributed,
  title={Distributed optimization and statistical learning via the alternating direction method of multipliers},
  author={Boyd, Stephen and Parikh, Neal and Chu, Eric and Peleato, Borja and Eckstein, Jonathan},
  journal={Foundations and Trends{\textregistered} in Machine Learning},
  volume={3},
  number={1},
  pages={1--122},
  year={2011},
  publisher={Now Publishers Inc.}
}

@article{glowinski1975approximation,
  title={Sur l'approximation, par {\'e}l{\'e}ments finis d'ordre un, et la r{\'e}solution, par p{\'e}nalisation-dualit{\'e} d'une classe de probl{\`e}mes de Dirichlet non lin{\'e}aires},
  author={Glowinski, Roland and Marroco, A},
  journal={Revue fran{\c{c}}aise d'automatique, informatique, recherche op{\'e}rationnelle. Analyse num{\'e}rique},
  volume={9},
  number={2},
  pages={41--76},
  year={1975}
}

@article{gabay1976dual,
  title={A dual algorithm for the solution of nonlinear variational problems via finite element approximation},
  author={Gabay, Daniel and Mercier, Bertrand},
  journal={Computers \& Mathematics with Applications},
  volume={2},
  number={1},
  pages={17--40},
  year={1976},
  publisher={Elsevier}
}

@inproceedings{whang2009entity,
  title={Entity resolution with iterative blocking},
  author={Whang, Steven Euijong and Menestrina, David and Koutrika, Georgia and Theobald, Martin and Garcia-Molina, Hector},
  booktitle={Proceedings of the 2009 ACM SIGMOD International Conference on Management of data},
  pages={219--232},
  year={2009},
  organization={ACM}
}

@article{kopcke2010evaluation,
  title={Evaluation of entity resolution approaches on real-world match problems},
  author={K{\"o}pcke, Hanna and Thor, Andreas and Rahm, Erhard},
  journal={Proceedings of the VLDB Endowment},
  volume={3},
  number={1-2},
  pages={484--493},
  year={2010},
  publisher={VLDB Endowment}
}

@article{whangjointER2013,
   title = {Joint Entity Resolution on Multiple Datasets},
  author = {Steven Euijong Whang and Hector Garcia-Molina},
    year = {2013},
 journal = {The VLDB Journal},
     url = {http://ilpubs.stanford.edu:8090/1066/}
}

@techreport{singh12:wiki-links,
      author    = "Sameer Singh and Amarnag Subramanya and Fernando Pereira and Andrew McCallum",
      title     = "Wikilinks: A Large-scale Cross-Document Coreference Corpus Labeled via Links to {Wikipedia}",
      institute = "University of Massachusetts, Amherst",
      number    = "UM-CS-2012-015",
      year      = "2012"
}

@PhdThesis{bhattacharya:thesis06,
  author       = "Bhattacharya, Indrajit",
  title        = "Collective Entity Resolution In Relational Data",
  school       = "University of Maryland, College Park",
  month        = "Dec",
  year         = "2006",
}

@inproceedings{singla2006entity,
  title={Entity resolution with markov logic},
  author={Singla, Parag and Domingos, Pedro},
  booktitle={Data Mining, 2006. ICDM'06. Sixth International Conference on},
  pages={572--582},
  year={2006},
  organization={IEEE}
}

@inproceedings{singla2008lifted,
  title={Lifted first-order belief propagation},
  author={Singla, Parag and Del Domingos, Pedro Morais},
  booktitle={23rd AAAI Conference on Artificial Intelligence and the 20th Innovative Applications of Artificial Intelligence Conference, AAAI-08/IAAI-08},
  year={2008}
}

@inproceedings{ioannou2014analytics,
  title={Analytics over probabilistic unmerged duplicates},
  author={Ioannou, Ekaterini and Garofalakis, Minos},
  booktitle={International Conference on Scalable Uncertainty Management},
  pages={203--208},
  year={2014},
  organization={Springer}
}

@InProceedings{pujara:starai16,
  author       = {Pujara, Jay and Getoor, Lise},
  title        = {Generic Statistical Relational Entity Resolution in Knowledge Graphs},
  booktitle    = {Sixth International Workshop on Statistical Relational AI},
  year         = {2016},
  publisher    = {IJCAI 2016},
  note         = {On arXiv: https://arxiv.org/abs/1607.00992},
}

@inproceedings{Martins:2011:DDM:2145432.2145460,
 author = {Martins, Andr{\'e} F. T. and Smith, Noah A. and Aguiar, Pedro M. Q. and Figueiredo, M\'{a}rio A. T.},
 title = {Dual Decomposition with Many Overlapping Components},
 booktitle = {Proceedings of the Conference on Empirical Methods in Natural Language Processing},
 series = {EMNLP '11},
 year = {2011},
 isbn = {978-1-937284-11-4},
 location = {Edinburgh, United Kingdom},
 pages = {238--249},
 numpages = {12},
 url = {http://dl.acm.org/citation.cfm?id=2145432.2145460},
 acmid = {2145460},
 publisher = {Association for Computational Linguistics},
 address = {Stroudsburg, PA, USA},
} 

@inproceedings{bach2012scaling,
  title={Scaling MPE inference for constrained continuous Markov random fields with consensus optimization},
  author={Bach, Stephen and Broecheler, Matthias and Getoor, Lise and O'leary, Dianne},
  booktitle={Advances in Neural Information Processing Systems},
  pages={2654--2662},
  year={2012}
}

@inproceedings{aguiar2011augmented,
  title={An Augmented Lagrangian Approach to Constrained MAP Inference},
  author={Aguiar, Pedro and Xing, Eric P and Figueiredo, M{\'a}rio and Smith, Noah A and Martins, Andr{\'e}},
  booktitle={Proceedings of the 28th International Conference on Machine Learning (ICML-11)},
  pages={169--176},
  year={2011}
}
